@book{AB00,
author = {K. Abel and U. Bibel},
title = {Formatierungsrichtlinien f{\"u}r Tagungsb{\"a}nde},
publisher = {Format-Verlag},
address = {Bonn},
year = {2000}
}




